@ONLINE{Blizzard:2013:Online,
	AUTHOR = {{\relax Blizzard} Entertainment},
	TITLE = {Blizzard {E}ntertainment: {S}tar{C}raft 2},
	MONTH = jan,
	YEAR = {2013},
	URL = {http://us.blizzard.com/en-us/games/sc2/}
}

@ONLINE{BlizzardRaces:2013:Online,
	AUTHOR = {{\relax Blizzard} Entertainment},
	TITLE = {Races - {G}ame {G}uide - {S}tar{C}raft 2},
	MONTH = jan,
	YEAR = {2013},
	URL = {http://us.battle.net/sc2/en/game/race/}
}

@ARTICLE{ComposingForLaptopOrchestra:Article,
	AUTHOR = "Scott Smallwood and Dan Trueman and Perry R. Cook and Ge Wang",
	TITLE = "Composing for {L}aptop {O}rchestra",
	JOURNAL = {Computer Music Journal},
	VOLUME = {32},
	NUMBER = {1},
	PAGES = {9-25},
	MONTH = "Spring",
	YEAR = {2008}
}

@ARTICLE{q3osc:Article,
	AUTHOR = "Robert Hamilton",
	TITLE = "q3osc: or {H}ow {I} {L}earned to {S}top {W}orrying and {L}ove the {G}ame",
	JOURNAL = {Proceedings of the International Computer Music Association Conference},
	YEAR = {2008}
}

@ONLINE{Nokogiri:Online,
	AUTHOR = {{N}okogiri},
	TITLE = {Nokogiri},
	MONTH = jan,
	YEAR = {2013},
	URL = {http://nokogiri.org/}
}

@ONLINE{OSC:Online,
	AUTHOR = {Tadayoshi Funaba},
	TITLE = {ruby - osc},
	MONTH = jan,
	YEAR = {2013},
	URL = {http://www.funaba.org/en/ruby.html#osc}
}

@ONLINE{LOrkCraft:Online,
	AUTHOR = {Mark Cerqueira and Spencer Salazar},
	TITLE = {{G}it{H}ub - markcerqueira/lork{C}raft},
	MONTH = jan,
	YEAR = {2013},
	URL = {https://github.com/markcerqueira/lorkCraft}
}



